@book{bloomer1992power,
  title={Power programming with RPC},
  author={Bloomer, John},
  year={1992},
  publisher={" O'Reilly Media, Inc."}
}

@article{frank1997dcom,
  title={Dcom: Microsoft distributed component object model},
  author={Frank, E and Redmond, III},
  journal={Redmond III November},
  year={1997}
}

@Book{Gardarin2007,
  ALTauthor = {G. Gardarin},
  ALTeditor = {},
  title = {Xml, des bases de donn√©es aux services web},
  publisher = {Dunod},
  year = {2007},
}

@PhdThesis{Omer2011,
  author = {Abrehet Mohammed Omer},
  title = {A framework for Automatic Web Service Composition based on
          service dependency analysis},
  school = {Technical University of Dresden},
  year = {2011},
}

@inproceedings{omer2009dependency,
  title={Dependency based automatic service composition using directed
          graph},
  author={Omer, Abrehet Mohammed and Schill, Alexander},
  booktitle={Next Generation Web Services Practices,
          2009. NWESP'09. Fifth International Conference on},
  pages={76--81},
  year={2009},
  organization={IEEE}
}

@misc{WSA,
    title = {Web Services Architecture},
    author= {W3C Working Group},
    year = {2004},
    howpublished={\url{http://www.w3.org/TR/ws-arch/}}
}

@article{akkiraju2005web,
    title={Web service semantics-wsdl-s},
    author={Akkiraju, Rama and Farrell, Joel and Miller, John A and
          Nagarajan, Meenakshi and Sheth, Amit and Verma,
    Kunal},
    year={2005}
}

@incollection{ankolekar2002daml,
    title={DAML-S: Web service description for the semantic web},
    author={Ankolekar, Anupriya and Burstein, Mark and Hobbs, Jerry R
          and Lassila, Ora and Martin, David and
    McDermott, Drew and McIlraith, Sheila A and Narayanan, Srini
          and Paolucci, Massimo and Payne, Terry and
        others},
    booktitle={The Semantic Web ISWC 2002},
    pages={348--363},
    year={2002},
    publisher={Springer}
}

@book{baader2003description,
  title={The description logic handbook: theory, implementation, and
          applications},
  author={Baader, Franz},
  year={2003},
  publisher={Cambridge university press}
}

@inproceedings{barros2006standards,
  title={Standards for web service choreography and orchestration:
          Status and perspectives},
  author={Barros, Alistair and Dumas, Marlon and Oaks, Phillipa},
  booktitle={Business process management workshops},
  pages={61--74},
  year={2006},
  organization={Springer}
}

@article{bartalos2011effective,
    title={Effective automatic dynamic semantic web service
          composition},
    author={Bartalos, Peter},
    journal={Inf. Sci. and Technol. Bulletin ACM Slovakia},
    volume={3},
    number={1},
    year={2011}
}

@article{baryannis2010,
    title={Automated Web Service Composition: State of the Art and
          Research Challenges},
    author={Baryannis, George and Plexousakis, Dimitris},
    journal={ICS-FORTH, Tech. Rep},
    volume={409},
    month={october},
    year={2010}
}

@inproceedings{cuzzocrea2011flexible,
  title={A flexible graph-based approach for matching composite semantic web services},
  author={Cuzzocrea, Alfredo and Fisichella, Marco},
  booktitle={Proceedings of the 1st International Workshop on Linked Web Data Management},
  pages={30--31},
  year={2011},
  organization={ACM}
}

@article{chan2007survey,
  title={Survey and comparison of planning techniques for web services composition},
  author={Chan, KS May and Bishop, Judith and Baresi, Luciano},
  journal={University of Pretoria Pretoria},
  year={2007}
}

@article{zeng2008dynamic,
  title={Dynamic composition and optimization of web services},
  author={Zeng, Liangzhao and Ngu, Anne HH and Benatallah, Boualem and Podorozhny, Rodion and Lei, Hui},
  journal={Distributed and Parallel Databases},
  volume={24},
  number={1-3},
  pages={45--72},
  year={2008},
  publisher={Springer}
}

@inproceedings{akkiraju2004executing,
  title={Executing abstract web process flows},
  author={Akkiraju, Rama and Verma, Kunal and Goodwin, Richard and Doshi, Prashant and Lee, Juhnyoung},
  booktitle={International Conference on Automated Planning and Scheduling (ICAPS)},
  year={2004},
  organization={Citeseer}
}

@inproceedings{rao2006mixed,
  title={A mixed initiative approach to semantic web service discovery and composition: SAP's guided procedures framework},
  author={Rao, Jinghai and Dimitrov, Dimitar and Hofmann, Paul and Sadeh, Norman},
  booktitle={Web Services, 2006. ICWS'06. International Conference on},
  pages={401--410},
  year={2006},
  organization={IEEE}
}

@phdthesis{medjahed2004semantic,
  title={Semantic web enabled composition of web services},
  author={Medjahed, Brahim},
  year={2004},
  school={Citeseer}
}

@article{wu2007automatic,
  title={Automatic composition of semantic web services using process and data mediation},
  author={Wu, Zixin and Ranabahu, Ajith H and Gomadam, Karthik and Sheth, Amit P and Miller, John A},
  year={2007}
}

@inproceedings{paik2007automatic,
  title={Automatic web services composition using combining HTN and CSP},
  author={Paik, Incheon and Maruyama, Daisuke},
  booktitle={Computer and Information Technology, 2007. CIT 2007. 7th IEEE International Conference on},
  pages={206--211},
  year={2007},
  organization={IEEE}
}

@incollection{peer2005pop,
  title={A pop-based replanning agent for automatic web service composition},
  author={Peer, Joachim},
  booktitle={The semantic web: research and applications},
  pages={47--61},
  year={2005},
  publisher={Springer}
}

@inproceedings{klusch2005semantic,
  title={Semantic web service composition planning with owls-xplan},
  author={Klusch, Matthias and Gerber, Andreas and Schmidt, Marcus},
  booktitle={Proceedings of the AAAI Fall Symposium on Semantic Web and Agents, Arlington VA, USA, AAAI Press},
  year={2005}
}

@book{sohrabi2009optimizing,
  title={Optimizing web service composition while enforcing regulations},
  author={Sohrabi, Shirin and Mcilraith, Sheila A},
  year={2009},
  publisher={Springer}
}

@article{mcilraith2002adapting,
  title={Adapting golog for composition of semantic web services},
  author={McIlraith, Sheila and Son, Tran Cao},
  journal={KR},
  volume={2},
  pages={482--493},
  year={2002}
}

@inproceedings{phan2006automatic,
  title={Automatic web service composition using congolog},
  author={Phan, Minh and Hattori, Fumio},
  booktitle={Distributed Computing Systems Workshops, 2006. ICDCS Workshops 2006. 26th IEEE International Conference on},
  pages={17--17},
  year={2006},
  organization={IEEE}
}

@incollection{sohrabi2009web,
  title={Web service composition via the customization of Golog programs with user preferences},
  author={Sohrabi, Shirin and Prokoshyna, Nataliya and McIlraith, Sheila A},
  booktitle={Conceptual Modeling: Foundations and Applications},
  pages={319--334},
  year={2009},
  publisher={Springer}
}

@book{wu2003automating,
  title={Automating DAML-S web services composition using SHOP2},
  author={Wu, Dan and Parsia, Bijan and Sirin, Evren and Hendler, James and Nau, Dana},
  year={2003},
  publisher={Springer}
}

@incollection{aydin2008automated,
  title={Automated web services composition with the event calculus},
  author={Ayd{\i}n, Onur and Cicekli, Nihan Kesim and Cicekli, Ilyas},
  booktitle={Engineering Societies in the Agents World VIII},
  pages={142--157},
  year={2008},
  publisher={Springer}
}

@incollection{pistore2004planning,
  title={Planning and monitoring web service composition},
  author={Pistore, Marco and Barbon, Fabio and Bertoli, Piergiorgio and Shaparau, Dmitry and Traverso, Paolo},
  booktitle={Artificial Intelligence: Methodology, Systems, and Applications},
  pages={106--115},
  year={2004},
  publisher={Springer}
}

@inproceedings{pistore2005automated,
  title={Automated composition of web services by planning at the knowledge level},
  author={Pistore, Marco and Marconi, Annapaola and Bertoli, Piergiorgio and Traverso, Paolo},
  booktitle={IJCAI},
  pages={1252--1259},
  year={2005}
}

@article{sirin2004htn,
  title={HTN planning for web service composition using SHOP2},
  author={Sirin, Evren and Parsia, Bijan and Wu, Dan and Hendler, James and Nau, Dana},
  journal={Web Semantics: Science, Services and Agents on the World Wide Web},
  volume={1},
  number={4},
  pages={377--396},
  year={2004},
  publisher={Elsevier}
}

@article{battle2005semantic,
    title={Semantic web services framework (SWSF) overview},
    author={Battle, Steve and Bernstein, Abraham and Boley, Harold and
          Grosof, Benjamin and Gruninger, Michael and
    Hull, Richard and Kifer, Michael and Martin, David and
          McIlraith, Sheila and McGuinness, Deborah and
        others},
    journal={W3C Member Submission},
    volume=9,
    year=2005
}

@article{bertails2010web,
    title={Le Web s{\'e}mantique},
    author={Bertails, Alexandre and Herman, Ivan and Hawke, Sandro},
    journal={R{\'e}alit{\'e}s industrielles},
    number={4},
    pages={84--89},
    year={2010},
    publisher={Eska}
}

@misc{box2000simple,
    title={Simple object access protocol (SOAP) 1.1},
    author={Box, Don and Ehnebuske, David and Kakivaya, Gopal and
          Layman, Andrew and Mendelsohn, Noah and Nielsen,
    Henrik Frystyk and Thatte, Satish and Winer, Dave},
    year={2000}
}

@article{bray1998extensible,
      title={Extensible markup language (XML)},
      author={Bray, Tim and Paoli, Jean and Sperberg-McQueen, C
          Michael and Maler, Eve and Yergeau, Fran{\c{c}}ois},
      journal={World Wide Web Consortium Recommendation
          REC-xml-19980210. http://www. w3.
          org/TR/1998/REC-xml-19980210},
      year={1998}
}

@inproceedings{bucchiarone2006survey,
  title={A survey on services composition languages and models},
  author={Bucchiarone, Antonio and Gnesi, Stefania},
  booktitle={International Workshop on Web Services--Modeling and
          Testing (WS-MaTe 2006)},
  pages={51},
  year={2006}
}
@article{chinnici2007web,
    title={Web services description language (wsdl) version 2.0 part
          1: Core language},
    author={Chinnici, Roberto and Moreau, Jean-Jacques and Ryman,
          Arthur and Weerawarana, Sanjiva},
    journal={W3C recommendation},
    volume={26},
    pages={19},
    year={2007}
}

@phdthesis{chollet2009orchestration,
  title={Orchestration de services h{\'e}t{\'e}rog{\`e}nes et
          s{\'e}curis{\'e}s},
  author={Chollet, St{\'e}phanie},
  year={2009},
  school={Universit{\'e} Joseph-Fourier-Grenoble I}
}

@misc{christensen2001web,
    title={Web services description language (WSDL) 1.1},
    author={Christensen, Erik and Curbera, Francisco and Meredith,
          Greg and Weerawarana, Sanjiva and others},
    year={2001}
}

@incollection{claro2006web,
  title={Web services composition},
  author={Claro, Daniela Barreiro and Albers, Patrick and Hao,
          Jin-Kao},
  booktitle={Semantic Web Services, Processes and Applications},
  pages={195--225},
  year={2006},
  publisher={Springer}
}

@article{clement2004uddi,
    title={UDDI Version 3.0. 2, UDDI Spec Technical Committee Draft},
    author={Clement, Luc and Hately, Andrew and von Riegen, Claus and
          Rogers, Tony and others},
    journal={OASIS UDDI Spec TC},
    year={2004}
}

@misc{oasis2005specification,
  title={specification TC. Uddi version 3.0. 2},
  author={OASIS, UDDI},
  year={2005}
}

@inproceedings{curbera2001web,
      title={Web services: Why and how},
      author={Curbera, Francisco and Nagy, William and Weerawarana,
          Sanjiva},
      booktitle={OOPSLA 2001 Workshop on Object-Oriented Web
          Services},
      year={2001}
}

@book{erl2004service,
  title={Service-oriented architecture: a field guide to integrating XML and web services},
  author={Erl, Thomas},
  year={2004},
  publisher={Prentice Hall PTR}
}

@article{curbera2002unraveling,
    title={Unraveling the web services web},
    author={Curbera, Francisco and Duftler, Matthew and Khalaf, Rania
          and Nagy, William and Mukhi, Nirmal and
    Weerawarana, Sanjiva and others},
    journal={IEEE Internet computing},
    volume={6},
    number={2},
    pages={86--93},
    year={2002}
}

@article{de2005web,
  title={Web service modeling ontology (wsmo)},
  author={De Bruijn, Jos and Bussler, Christoph and Domingue, John and
          Fensel, Dieter and Hepp, Martin and Kifer, M and
          K{\"o}nig-Ries, B and Kopecky, J and Lara, R and
          Oren, E and others},
  journal={Interface},
  volume={5},
  pages={1},
  year={2005}
}

@book{de2006web,
  title={The web service modeling language WSML: An overview},
  author={De Bruijn, Jos and Lausen, Holger and Polleres, Axel and
          Fensel, Dieter},
  year={2006},
  publisher={Springer}
}

@phdthesis{driss2011approche,
  title={Approche multi-perspective centr{\'e}e exigences de
          composition de services Web},
  author={Driss, Maha},
  year={2011},
  school={Universit{\'e} Rennes 1}
}

@article{dustdar2005survey,
  title={A survey on web services composition},
  author={Dustdar, Schahram and Schreiner, Wolfgang},
  journal={International journal of web and grid services},
  volume={1},
  number={1},
  pages={1--30},
  year={2005},
  publisher={Inderscience}
}

@phdthesis{elie2010,
    title={Composition dynamique de services : application √† la
          conception et au d√©veloppement de syst√®mes
          d‚Äôinformation dans un environnement distribu√©},
    author={Elie, ABI LAHOUD},
    year={2010},
    school={Universit√© de Bourgogne }
}



@phdthesis{bitar2014cbr4wsd,
  title={CBR4WSD: Une approche de d{\'e}couverte de services Web par Raisonnement {\`a} Partir de Cas},
  author={Bitar, Ibrahim EL},
  year={2014},
  school={Ecole Mohammadia d'Ing{\'e}nieurs-Universit{\'e} Mohammed V de Rabat-Maroc}
}

@inproceedings{mohebbi2010comparative,
  title={A comparative evaluation of semantic web service discovery
                  approaches},
  author={Mohebbi, Keyvan and Ibrahim, Suhaimi and Khezrian, Mojtaba and Munusamy, Kanmani and Tabatabaei, Sayed Gholam Hassan},
  booktitle={Proceedings of the 12th International Conference on
                  Information Integration and Web-based Applications
                  \& Services},
  pages={33--39},
  year={2010},
  organization={ACM}
}

@article{fensel2000creating,
    title={Creating of Semantic Web},
    author={Fensel, Dieter and Hendler, Jim and Lieberman, Henry and
          Wahlster, Wolfgang},
    journal={Im Internet verf{\"u}gbar unter
          http://citeseer. nj. nec. com/481673. html},
    year={2000},
    publisher={Citeseer}
}

@article{fensel2002semantic,
    title={Semantic web enabled web services},
    author={Fensel, Dieter and Bussler, Christoph},
    journal={Advances in Artificial Intelligence},
    pages=316,
    year=2002,
    publisher={Springer}
}

@article{fensel2002web,
    title={The web service modeling framework WSMF},
    author={Fensel, Dieter and Bussler, Christoph},
    journal={Electronic Commerce Research and Applications},
    volume={1},
    number={2},
    pages={113--137},
    year={2002},
    publisher={Elsevier}
}

@inproceedings{fluegge2006challenges,
  title={Challenges and techniques on the road to dynamically compose
          web services},
  author={Fluegge, Matthias and Santos, Ivo JG and Tizzo, Neil Paiva
          and Madeira, Edmundo RM},
  booktitle={Proceedings of the 6th international conference on Web
          engineering},
  pages={40--47},
  year={2006},
  organization={ACM}
}

@article{fremantle2002enterprise,
    title={Enterprise services},
    author={Fremantle, Paul and Weerawarana, Sanjiva and Khalaf,
          Rania},
    journal={Communications of the ACM},
    volume={45},
    number={10},
    pages={77--82},
    year={2002}
}

@article{gottschalk2002introduction,
    title={Introduction to Web services architecture},
    author={Gottschalk, Karl and Graham, Stephen and Kreger, Heather
          and Snell, James},
    journal={IBM Systems journal},
    volume={41},
    number={2},
    pages={170--177},
    year={2002}
}

@article{gruber1993translation,
    title={A translation approach to portable ontology
          specifications},
    author={Gruber, Thomas R},
    journal={Knowledge acquisition},
    volume={5},
    number={2},
    pages={199--220},
    year={1993},
    publisher={Elsevier}
}

@article{horrocks2002daml+oil,
    title={DAML+OIL: a Description Logic for the Semantic Web},
    author={Horrocks, Ian and others},
    journal={IEEE Data Eng. Bull.},
    volume={25},
    number={1},
    pages={4--9},
    year={2002}
}


@article{huhns2005service,
    title={Service-oriented computing: Key concepts and principles},
    author={Huhns, Michael N and Singh, Munindar P},
    journal={Internet Computing, IEEE},
    volume={9},
    number={1},
    pages={75--81},
    year={2005},
    publisher={IEEE}
}

@phdthesis{jamal2005environnement,
  title={Environnement de proc{\'e}d{\'e} extensible pour
          l'orchestration-Application aux services web},
  author={Jamal, Sonia and others},
  year={2005},
  school={Universit{\'e} Joseph-Fourier-Grenoble I}
}

@article{jean2012prise,
  title={Prise en compte des standards de qualit{\'e} et des
          pr{\'e}f{\'e}rences utilisateurs pour la
          mod{\'e}lisation des propri{\'e}t{\'e}s non
          fonctionnelles dans OWL-S},
  author={Jean, St{\'e}phane and Losavio, Francisca and Matteo,
          Alfredo and Levy, Nicole},
  journal={Technique et Science Informatiques},
  volume=31,
  number=1,
  pages={39--69},
  year=2012
}

@article{kopecky2007sawsdl,
    title={Sawsdl: Semantic annotations for wsdl and xml schema},
    author={Kopecky, Jacek and Vitvar, Tomas and Bournez, Carine and
          Farrell, Joel},
    journal={Internet Computing, IEEE},
    volume={11},
    number={6},
    pages={60--67},
    year={2007},
    publisher={IEEE}
}

@article{kreger2001web,
    title={Web services conceptual architecture (WSCA 1.0)},
    author={Kreger, Heather and others},
    journal={IBM Software Group},
    volume={5},
    pages={6--7},
    year={2001}
}

@article{kritikos2009requirements,
  title={Requirements for QoS-based web service description and
          discovery},
  author={Kritikos, Kyriakos and Plexousakis, Dimitris},
  journal={Services Computing, IEEE Transactions on},
  volume={2},
  number={4},
  pages={320--337},
  year={2009},
  publisher={IEEE}
}

@article{li2004software,
  title={A software framework for matchmaking based on semantic web
          technology},
  author={Li, Lei and Horrocks, Ian},
  journal={International Journal of Electronic Commerce},
  volume={8},
  number={4},
  paes={39--60},
  year={2004},
  publisher={ME Sharpe}
}

@phdthesis{lopez2008selection,
    title={S{\'e}lection et composition de services Web pour la
          g{\'e}n{\'e}ration d'applications adapt{\'e}es au
    contexte d'utilisation},
    author={Lopez-Velasco, C{\'e}line},
    year={2008},
    school={Universit{\'e} Joseph-Fourier-Grenoble I}
}

@article{martin2004owl,
    title={OWL-S: Semantic markup for web services},
    author={Martin, David and Burstein, Mark and Hobbs, Jerry and
          Lassila, Ora and McDermott, Drew and McIlraith,
    Sheila and Narayanan, Srini and Paolucci, Massimo and Parsia,
          Bijan and Payne, Terry and others},
    journal={W3C member submission},
    volume={22},
    pages={2007--04},
    year={2004}
}

@inproceedings{mcguinness2003daml,
    title={DAML-ONT: An Ontology Language for the Semantic Web.},
    author={McGuinness, Deborah L and Fikes, Richard and Stein, Lynn
          Andrea and Hendler, James A},
    booktitle={Spinning the Semantic Web},
    pages={65--93},
    year={2003}
}

%% TODO
@article{mcilraith2001semantic,
  title={Semantic web services},
  author={McIlraith, Sheila A and Son, Tran Cao and Zeng, Honglei},
  journal={IEEE intelligent systems},
  volume={16},
  number={2},
  pages={46--53},
  year={2001},
  publisher={IEEE Computer Society}
}

%% BEGIN
%% Servey on WS composition
@article{mcilraith2003bringing,
  title={Bringing semantics to web services},
  author={McIlraith, Sheila A and Martin, David L},
  journal={Intelligent Systems, IEEE},
  volume={18},
  number={1},
  pages={90--93},
  year={2003},
  publisher={IEEE}
}

@phdthesis{medjahed2004thesis,
    title={Semantic Web Enabled Composition of Web Services},
    author={Medjahed, Brahim},
    year={2004},
    school={Virginia Polytechnic Institute and State University}
}

@article{mitra2003soap,
    title={Soap version 1.2 part 0: Primer},
    author={Mitra, Nilo and Lafon, Yves and others},
    journal={W3C recommendation},
    volume=24,
    pages=12,
    year=2003
}

@incollection{paolucci2002semantic,
    title={Semantic matching of web services capabilities},
    author={Paolucci, Massimo and Kawamura, Takahiro and Payne, Terry
          R and Sycara, Katia},
    booktitle={The Semantic Web ISWC 2002},
    pages={333--347},
    year={2002},
    publisher={Springer}
}
%% END

%% BEGIN

@PhdThesis{zahirathesis2008,
  author = {CHOUIREF Zahira},
  title = {Un syst√®me de programmation fonctionnelle pour la
          composition de services Web},
  school = {Universit√© M'hamed BOUGARA de BOUMERDES},
  year = {2008},
  OPTkey = {},
  OPTtype = {},
  OPTaddress = {},
  OPTmonth = {},
  OPTnote = {},
  OPTannote = {}
}

@phdthesis{dumez2010approche,
  title={Approche dirig{\'e}e par les mod{\'e}les pour la
          sp{\'e}cification, la v{\'e}rification formelle et
          la mise en oeuvre de services Web compos{\'e}s,
          Universit{\'e} de Technologie de
          Belfort-Montb{\'e}liard},
  author={Dumez, C},
  year={2010},
  school={th{\'e}se de doctorat}
}

%% FRENCH THESIS

@inproceedings{papazoglou2003service,
      title={Service-oriented computing: Concepts, characteristics and
          directions},
      author={Papazoglou, Mike P},
      booktitle={Web Information Systems Engineering, 2003. WISE
          2003. Proceedings of the Fourth International
      Conference on},
      pages={3--12},
      year={2003},
      organization={IEEE}
}

@article{papazoglou2007service,
      title={Service oriented architectures: approaches, technologies
          and research issues},
      author={Papazoglou, Mike P and Van Den Heuvel, Willem-Jan},
      journal={The VLDB journal},
      volume={16},
      number={3},
      pages={389--415},
      year={2007},
      publisher={Springer}
}

@inproceedings{patil2004meteor,
    title={Meteor-s web service annotation framework},
    author={Patil, Abhijit A and Oundhakar, Swapna A and Sheth, Amit P
          and Verma, Kunal},
    booktitle={Proceedings of the 13th international conference on
          World Wide Web},
    pages={553--562},
    year={2004},
    organization={ACM}
}
%% END FRENCH THEISIS

@article{peltz2003web,
  title={Web services orchestration and choreography},
  author={Peltz, Chris},
  journal={Computer},
  volume={36},
  number={10},
  pages={46--52},
  year={2003},
  publisher={IEEE Computer Society}
}

@article{sheng2014web,
  title={Web services composition: A decade‚Äôs overview},
  author={Sheng, Quan Z and Qiao, Xiaoqiang and Vasilakos, Athanasios
          V and Szabo, Claudia and Bourne, Scott and Xu,
          Xiaofei},
  journal={Information Sciences},
  volume=280,
  pages={218--238},
  year=2014,
  publisher={Elsevier}
}

@incollection{rao2005survey,
  title={A survey of automated web service composition methods},
  author={Rao, Jinghai and Su, Xiaomeng},
  booktitle={Semantic Web Services and Web Process Composition},
  pages={43--54},
  year=2005,
  publisher={Springer}
}

@article{peer2005web,
  title={Web service composition as AI planning-a survey},
  author={Peer, Joachim},
  journal={University of St. Gallen},
  year={2005}
}

@inproceedings{carman2003web,
  title={Web service composition as planning},
  author={Carman, Mark and Serafini, Luciano and Traverso, Paolo},
  booktitle={ICAPS 2003 workshop on planning for web services},
  pages={1636--1642},
  year={2003}
}

%% BEGIN
%% SERVEY

@inproceedings{sivashanmugam2003adding,
      title={Adding Semantics to Web Services Standards.},
      author={Sivashanmugam, Kaarthik and Verma, Kunal and Sheth, Amit
          P and Miller, John A},
      booktitle={ICWS},
      pages={395--401},
      year={2003}
}


@article{uschold1996ontologies,
  title={Ontologies: Principles, methods and applications},
  author={Uschold, Mike and Gruninger, Michael},
  journal={The knowledge engineering review},
  volume={11},
  number={02},
  pages={93--136},
  year={1996},
  publisher={Cambridge Univ Press}
}

%% BEGIN
%% a scenario example
@article{vargas2009challenges,
    title={Challenges on semantic web services},
    author={Vargas-Vera, Maria and Nagy, Miklos and Zyskowski, Dominik
          and Haniewicz,
    Konstanty and Abramowicz, Witold and Kaczmarek, Monika},
    journal={Handbook of Research on Social Dimensions of Semantic
          Technologies and Web Services},
    volume={1},
    pages={25--48},
    year={2009},
    publisher={IGI Global Snippet}
}
%% END

@incollection{wohed2003analysis,
  title={Analysis of web services composition languages: The case of
          bpel4ws},
  author={Wohed, Petia and van der Aalst, Wil MP and Dumas, Marlon and
          Ter Hofstede, Arthur HM},
  booktitle={Conceptual Modeling-ER 2003},
  pages={200--215},
  year=2003,
  publisher={Springer}
}

@inproceedings{rodriguez2011automatic,
  title={Automatic web service composition with a heuristic-based
          search algorithm},
  author={Rodriguez-Mier, Pablo and Mucientes, Manuel and Lama,
          Manuel},
  booktitle={Web Services (ICWS), 2011 IEEE International Conference
          on},
  pages={81--88},
  year={2011},
  organization={IEEE}
}

@incollection{majithia2004framework,
  title={A framework for automated service composition in
          service-oriented architectures},
  author={Majithia, Shalil and Walker, David W and Gray, WA},
  booktitle={The Semantic Web: Research and Applications},
  pages={269--283},
  year={2004},
  publisher={Springer}
}

@article{ardagna2007paws,
  title={Paws: A framework for executing adaptive web-service
          processes},
  author={Ardagna, Danilo and Comuzzi, Marco and Mussi, Enrico and
          Pernici, Barbara and Plebani, Pierluigi},
  journal={IEEE software},
  volume={24},
  number={6},
  pages={39--46},
  year={2007}
}

@article{fujii2006semantics,
  title={Semantics-based dynamic web service composition},
  author={Fujii, Keita and Suda, Tatsuya},
  journal={International Journal of Cooperative Information Systems},
  volume={15},
  number={03},
  pages={293--324},
  year={2006},
  publisher={World Scientific}
}

@article{fujii2009semantics,
  title={Semantics-based context-aware dynamic service composition},
  author={Fujii, Keita and Suda, Tatsuya},
  journal={ACM Transactions on Autonomous and Adaptive Systems
          (TAAS)},
  volume={4},
  number={2},
  pages={12},
  year={2009},
  publisher={ACM}
}

@article{berardi2005automatic,
  title={Automatic service composition based on behavioral
          descriptions},
  author={Berardi, Daniela and Calvanese, Diego and De Giacomo,
          Giuseppe and Lenzerini, Maurizio and Mecella,
          Massimo},
  journal={International Journal of Cooperative Information Systems},
  volume={14},
  number={04},
  pages={333--376},
  year={2005},
  publisher={World Scientific}
}

@inproceedings{skogan2004web,
  title={Web service composition in UML},
  author={Skogan, David and Gr{\o}nmo, Roy and Solheim, Ida},
  booktitle={Enterprise Distributed Object Computing Conference,
          2004. EDOC 2004. Proceedings. Eighth IEEE
          International},
  pages={47--57},
  year={2004},
  organization={IEEE}
}

@inproceedings{hamadi2003petri,
  title={A Petri net-based model for web service composition},
  author={Hamadi, Rachid and Benatallah, Boualem},
  booktitle={Proceedings of the 14th Australasian database
          conference-Volume 17},
  pages={191--200},
  year={2003},
  organization={Australian Computer Society, Inc.}
}

@inproceedings{narayanan2002simulation,
  title={Simulation, verification and automated composition of web
          services},
  author={Narayanan, Srini and McIlraith, Sheila A},
  booktitle={Proceedings of the 11th international conference on World
          Wide Web},
  pages={77--88},
  year={2002},
  organization={ACM}
}

@inproceedings{fan2008complexity,
  title={Complexity and composition of synthesized web services},
  author={Fan, Wenfei and Geerts, Floris and Gelade, Wouter and Neven,
          Frank and Poggi, Antonella},
  booktitle={Proceedings of the twenty-seventh ACM
          SIGMOD-SIGACT-SIGART symposium on Principles of
          database systems},
  pages={231--240},
  year={2008},
  organization={ACM}
}

@article{milanovic2004current,
  title={Current solutions for web service composition},
  author={Milanovic, Nikola and Malek, Miroslaw},
  journal={IEEE Internet Computing},
  volume={8},
  number={6},
  pages={51--59},
  year={2004},
  publisher={IEEE Computer Society}
}

@book{milner1982finite,
  title={A Finite Delay Operator in Synchronous CCS.},
  author={Milner, Robin},
  year={1982},
  publisher={University of Edinburgh Department of Computer Science}
}

@book{milner1989communication,
  title={Communication and concurrency},
  author={Milner, Robin},
  year={1989},
  publisher={Prentice-Hall, Inc.}
}

@article{milner1992calculus,
  title={A calculus of mobile processes, II},
  author={Milner, Robin and Parrow, Joachim and Walker, David},
  journal={Information and computation},
  volume={100},
  number={1},
  pages={41--77},
  year={1992},
  publisher={Elsevier}
}
@book{milner1999communicating,
  title={Communicating and mobile systems: the pi calculus},
  author={Milner, Robin},
  year={1999},
  publisher={Cambridge university press}
}

@inproceedings{rao2004logic,
  title={Logic-based Web services composition: from service
          description to process model},
  author={Rao, Jinghai and Kungas, Peep and Matskin, Mihhail},
  booktitle={Web Services, 2004. Proceedings. IEEE International
          Conference on},
  pages={446--453},
  year={2004},
  organization={IEEE}
}

@book{rumbaugh2004unified,
  title={Unified Modeling Language Reference Manual, The},
  author={Rumbaugh, James and Jacobson, Ivar and Booch, Grady},
  year={2004},
  publisher={Pearson Higher Education}
}

@article{ouyang2007formal,
  title={Formal semantics and analysis of control flow in WS-BPEL},
  author={Ouyang, Chun and Verbeek, Eric and Van Der Aalst, Wil MP and
          Breutel, Stephan and Dumas, Marlon and Ter Hofstede,
          Arthur HM},
  journal={Science of Computer Programming},
  volume={67},
  number={2},
  pages={162--198},
  year={2007},
  publisher={Elsevier}
}

@inproceedings{gronmo2005model,
  title={Model-driven semantic web service composition},
  author={Gr{\o}nmo, Roy and Jaeger, Michael C},
  booktitle={Software Engineering Conference, 2005. APSEC'05. 12th
          Asia-Pacific},
  pages={8--pp},
  year={2005},
  organization={IEEE}
}

@article{hoare1978communicating,
  title={Communicating sequential processes},
  author={Hoare, Charles Antony Richard},
  journal={Communications of the ACM},
  volume={21},
  number={8},
  pages={666--677},
  year={1978},
  publisher={ACM}
}

@article{koshkina2004modelling,
  title={Modelling and verifying web service orchestration by means of
          the concurrency workbench},
  author={Koshkina, Mariya and van Breugel, Franck},
  journal={ACM SIGSOFT Software Engineering Notes},
  volume={29},
  number={5},
  pages={1--10},
  year={2004},
  publisher={ACM}
}

@inproceedings{li2007modeling,
  title={Modeling and verifying web services choreography using
          process algebra},
  author={Li, Jing and He, Jifeng and Zhu, Huibiao and Pu, Geguang},
  booktitle={Software Engineering Workshop, 2007. SEW 2007. 31st
          IEEE},
  pages={256--268},
  year={2007},
  organization={IEEE}
}

@article{petri1962kommunikation,
  title={Kommunikation mit automaten},
  author={Petri, Carl Adam},
  year={1962}
}

@article{kavantzas2005web,
  title={Web services choreography description language version 1.0},
  author={Kavantzas, Nickolas and Burdett, David and Ritzinger,
          Gregory and Fletcher, Tony and Lafon, Yves and
          Barreto, Charlton},
  journal={W3C candidate recommendation},
  volume={9},
  year={2005}
}

@article{arkin2002web,
  title={Web service choreography interface (WSCI) 1.0},
  author={Arkin, Assaf and Askary, Sid and Fordin, Scott and Jekeli,
          Wolfgang and Kawaguchi, Kohsuke and Orchard, David
          and Pogliani, Stefano and Riemer, Karsten and
          Struble, Susan and Takacsi-Nagy, Pal and others},
  journal={Standards proposal by BEA Systems, Intalio, SAP, and Sun
          Microsystems},
  year={2002}
}

@inproceedings{fredlund2006implementing,
  title={Implementing ws-cdl},
  author={Fredlund, Lars},
  booktitle={Proceedings of the second Spanish workshop on Web
          Technologies (JSWEB 2006)},
  year={2006}
}

@article{keller2004wsmo,
  title={Wsmo web service discovery},
  author={Keller, Uwe and Lara, Rub{\'e}n and Polleres, Axel and Toma,
          Ioan and Kifer, Michael and Fensel, Dieter},
  journal={WSML Working Draft D},
  volume={5},
  year={2004}
}

@incollection{keller2005automatic,
  title={Automatic location of services},
  author={Keller, Uwe and Lara, Rub{\'e}n and Lausen, Holger and
          Polleres, Axel and Fensel, Dieter},
  booktitle={The Semantic Web: Rewsearch and Applications},
  pages={1--16},
  year={2005},
  publisher={Springer}
}

@incollection{benatallah2003request,
  title={Request rewriting-based web service discovery},
  author={Benatallah, Boualem and Hacid, Mohand-Said and Rey,
          Christophe and Toumani, Farouk},
  booktitle={The Semantic Web-ISWC 2003},
  pages={242--257},
  year={2003},
  publisher={Springer}
}

@article{benatallah2005automating,
  title={On automating web services discovery},
  author={Benatallah, Boualem and Hacid, Mohand-Said and Leger, Alain
          and Rey, Christophe and Toumani, Farouk},
  journal={The VLDB Journal},
  volume={14},
  number={1},
  pages={84--96},
  year={2005},
  publisher={Springer}
}

@inproceedings{mandell2003bottom,
  title={A bottom-up approach to automating web service discovery,
          customization, and semantic translation},
  author={Mandell, Daniel J and McIlraith, Sheila A},
  booktitle={The Proceedings of the Twelfth International World Wide
          Web Conference Workshop on E-Services and the
          Semantic Web (ESSW'03). Budapest},
  year={2003}
}

@article{booth2004web,
  title={Web services architecture},
  author={Booth, David and Haas, Hugo and McCabe, Francis and
          Newcomer, Eric and Champion, Michael and Ferris,
          Chris and Orchard, David},
  year={2004}
}

@article{srinivasan2004adding,
  title={Adding OWL-S to UDDI, implementation and throughput},
  author={Srinivasan, Naveen and Paolucci, Massimo and Sycara, Katia},
  journal={Proceedings of Semantic Web Service and Web Process
          Composition},
  year={2004}
}

@inproceedings{rompothong2003query,
  title={A query federation of UDDI registries},
  author={Rompothong, Pornpong and Senivongse, Twittie},
  booktitle={Proceedings of the 1st international symposium on
          Information and communication technologies},
  pages={561--566},
  year={2003},
  organization={Trinity College Dublin}
}

@inproceedings{sivashanmugam2004discovery,
  title={Discovery of web services in a federated registry
          environment},
  author={Sivashanmugam, Kaarthik and Verma, Kunal and Sheth, Amit},
  booktitle={Web Services, 2004. Proceedings. IEEE International
          Conference on},
  pages={270--278},
  year={2004},
  organization={IEEE}
}

@article{verma2005meteor,
  title={Meteor-s wsdi: A scalable p2p infrastructure of registries
          for semantic publication and discovery of web
          services},
  author={Verma, Kunal and Sivashanmugam, Kaarthik and Sheth, Amit and
          Patil, Abhijit and Oundhakar, Swapna and Miller,
          John},
  journal={Information Technology and Management},
  volume={6},
  number={1},
  pages={17--39},
  year={2005},
  publisher={Springer}
}

@incollection{sahin2005spider,
  title={Spider: P2P-based web service discovery},
  author={Sahin, Ozgur D and Gerede, Cagdas E and Agrawal, Divyakant
          and El Abbadi, Amr and Ibarra, Oscar and Su,
          Jianwen},
  booktitle={Service-Oriented Computing-ICSOC 2005},
  pages={157--169},
  year={2005},
  publisher={Springer}
}

@inproceedings{garofalakis2004web,
  title={Web service discovery mechanisms: Looking for a needle in a
          haystack},
  author={Garofalakis, John and Panagis, Yannis and Sakkopoulos,
          Evangelos and Tsakalidis, Athanasios},
  booktitle={International Workshop on Web Engineering},
  volume={38},
  year={2004}
}

@incollection{bernstein2002discovering,
  title={Discovering services: Towards high-precision service
          retrieval},
  author={Bernstein, Abraham and Klein, Mark},
  booktitle={Web Services, E-Business, and the Semantic Web},
  pages={260--275},
  year={2002},
  publisher={Springer}
}

@inproceedings{paolucci2003using,
  title={Using DAML-S for P2P Discovery.},
  author={Paolucci, Massimo and Sycara, Katia P and Nishimura, Takuya
          and Srinivasan, Naveen},
  booktitle={ICWS},
  pages={203--207},
  year={2003},
  organization={Citeseer}
}


@inproceedings{jaeger2005ranked,
  title={Ranked matching for service descriptions using owl-s},
  author={Jaeger, Michael C and Rojec-Goldmann, Gregor and Liebetruth, Christoph and M{\"u}hl, Gero and Geihs, Kurt},
  booktitle={Kommunikation in Verteilten Systemen (KiVS)},
  pages={91--102},
  year={2005},
  organization={Springer}
}

@article{schmidt2004peer,
  title={A peer-to-peer approach to web service discovery},
  author={Schmidt, Cristina and Parashar, Manish},
  journal={World Wide Web},
  volume={7},
  number={2},
  pages={211--229},
  year={2004},
  publisher={Springer}
}

@article{DBLP:journals/jwsr/LiangCSCL04,
  author = {Qianhui Liang and
           Lakshmi N. Chakarapani and
           Stanley Y. W. Su and
           Raman N. Chikkamagalur and
           Herman Lam},
  title = {A Semi-Automatic Approach to Composite Web Services
          Discovery, Description and Invocation},
  journal = {Int. J. Web Service Res.},
  volume = {1},
  number = {4},
  pages = {64--89},
  year = {2004},
  url = {http://dx.doi.org/10.4018/jwsr.2004100105},
  doi = {10.4018/jwsr.2004100105},
  timestamp = {Fri, 09 Nov 2012 14:42:10 +0100},
  biburl =
          {http://dblp.uni-trier.de/rec/bib/journals/jwsr/LiangCSCL04},
  bibsource = {dblp computer science bibliography, http://dblp.org}
}

@incollection{sajjanhar2004algorithm,
  title={Algorithm for web services matching},
  author={Sajjanhar, Atul and Hou, Jingyu and Zhang, Yanchun},
  booktitle={Advanced Web Technologies and Applications},
  pages={665--670},
  year={2004},
  publisher={Springer}
}

@article{miller1990introduction,
  title={Introduction to wordnet: An on-line lexical database*},
  author={Miller, George A and Beckwith, Richard and Fellbaum,
          Christiane and Gross, Derek and Miller, Katherine
          J},
  journal={International journal of lexicography},
  volume={3},
  number={4},
  pages={235--244},
  year={1990},
  publisher={Oxford Univ Press}
}

%% Not really referenced
@misc{denayer2004decouverte,
  title={Decouverte de Service: Etude d‚ÄôApproche Syntaxique et
          Semantique},
  author={Denayer, Marie-Laetitia},
  year={2004},
  publisher={Technical report, Bioinformatics Grid Ressources and
          Environments}
}

@phdthesis{el2014cbr4wsd,
  title={CBR4WSD: Une approche de d{\'e}couverte de services Web par
          Raisonnement {\`a} Partir de Cas},
  author={El Bitar, B},
  year={2014},
  school={Th{\`e}se de doctorat, Rabat: Ecole Mohammadia
          d‚ÄôIng{\'e}nieurs, Universit{\'e} Mohammed V}
}

@phdthesis{chelbabi2012decouverte,
  title={D{\'e}couverte de Services Web S{\'e}mantiques une approche
          bas{\'e}e sur le contexte},
  author={Chelbabi, M},
  year={2012},
  school={Ecole Nationale Sup{\'e}rieure en Informatique}
}

%% BEGIN :chapter 3

@article{liang2005and,
  title={AND/OR graph and search algorithm for discovering composite
          web services},
  author={Liang, Qianhui Althea and Su, Stanley YW},
  journal={International Journal of Web Services Research (IJWSR)},
  volume={2},
  number={4},
  pages={48--67},
  year={2005},
  publisher={IGI Global}
}

@article{mahmoud2013towards,
  title={Towards a Graph-Based Approach for Web Services Composition},
  author={Mahmoud, Chaker Ben and Bettahar, Fathia and Abderrahim,
          Hajer and Saidi, Houda},
  journal={arXiv preprint arXiv:1306.4280},
  year={2013}
}


@inproceedings{hashemian2006graph,
  title={A graph-based framework for composition of stateless web
          services},
  author={Hashemian, Seyyed Vahid and Mavaddat, Farhad},
  booktitle={Web Services, 2006. ECOWS'06. 4th European Conference
          on},
  pages={75--86},
  year={2006},
  organization={IEEE}
}

@article{elmaghraoui2011graph,
  title={Graph based E-Government web service composition},
  author={Elmaghraoui, Hajar and Zaoui, Imane and Chiadmi, Dalila and
          Benhlima, Laila},
  journal={arXiv preprint arXiv:1111.6401},
  year={2011}
}

@incollection{lecue2006formal,
  title={A formal model for semantic web service composition},
  author={L{\'e}cu{\'e}, Freddy and L{\'e}ger, Alain},
  booktitle={The Semantic Web-ISWC 2006},
  pages={385--398},
  year={2006},
  publisher={Springer}
}

@book{lecue2009optimizing,
  title={Optimizing qos-aware semantic web service composition},
  author={L{\'e}cu{\'e}, Freddy},
  year={2009},
  publisher={Springer}
}

@article{arpinar2005ontology,
      title={Ontology-driven web services composition platform},
      author={Arpinar, I Budak and Zhang, Ruoyan and Aleman-Meza,
          Boanerges and Maduko, Angela},
      journal={Information Systems and E-Business Management},
      volume={3},
      number={2},
      pages={175--199},
      year={2005},
      publisher={Springer}
}

@inproceedings{gu2008automatic,
      title={Automatic service composition based on enhanced service
          dependency graph},
      author={Gu, Zhifeng and Li, Juanzi and Xu, Bin},
      booktitle={Web Services, 2008. ICWS'08. IEEE International
          Conference on},
      pages={246--253},
      year={2008},
      organization={IEEE}
}

@article{samuel2011approach,
     title={An approach for graph based planning and quality driven composition of web services},
     author={Samuel, S Justin and Sasipraba, T},
     journal={Indian J Comput Sci Eng},
     volume={2},
     number={5},
     pages={672--9},
     year={2011}
}

@book{ma2007systematic,
  title={Systematic methodology for real-time cost-effective mapping
          of dynamic concurrent task-based systems on
          heterogenous platforms},
  author={Ma, Zhe},
  year={2007},
  publisher={Springer Science \& Business Media}
}

@article{talantikite2009semantic,
  title={Semantic annotations for web services discovery and
          composition},
  author={Talantikite, Hassina Nacer and Aissani, Djamil and
          Boudjlida, Nacer},
  journal={Computer Standards \& Interfaces},
  volume={31},
  number={6},
  pages={1108--1117},
  year={2009},
  publisher={Elsevier}
}

L
@article{tarjan1973enumeration,
  title={Enumeration of the elementary circuits of a directed graph},
  author={Tarjan, Robert},
  journal={SIAM Journal on Computing},
  volume=2,
  number=3,
  pages={211--216},
  year=1973,
  publisher={SIAM}
}

@book{robinson2013graph,
     title={Graph databases},
     author={Robinson, Ian and Webber, Jim and Eifrem, Emil},
     year={2013},
     publisher={" O'Reilly Media, Inc."}
}

@article{angles2008survey,
  title={Survey of graph database models},
  author={Angles, Renzo and Gutierrez, Claudio},
  journal={ACM Computing Surveys (CSUR)},
  volume={40},
  number={1},
  year={2008},
  publisher={ACM}
}

@inproceedings{decandia2007dynamo,
  title={Dynamo: amazon's highly available key-value store},
  author={DeCandia, Giuseppe and Hastorun, Deniz and Jampani, Madan
          and Kakulapati, Gunavardhan and Lakshman, Avinash
          and Pilchin, Alex and Sivasubramanian, Swaminathan
          and Vosshall, Peter and Vogels, Werner},
  booktitle={ACM SIGOPS Operating Systems Review},
  volume={41},
  number={6},
  pages={205--220},
  year={2007},
  organization={ACM}
}

@inproceedings{han2011survey,
     title={Survey on NoSQL database},
     author={Han, Jing and Haihong, E and Le, Guan and Du, Jian},
     booktitle={Pervasive computing and applications (ICPCA), 2011 6th
          international conference on},
     pages={363--366},
     year={2011},
     organization={IEEE}
}

@article{chang2008bigtable,
  title={Bigtable: A distributed storage system for structured data},
  author={Chang, Fay and Dean, Jeffrey and Ghemawat, Sanjay and Hsieh,
          Wilson C and Wallach, Deborah A and Burrows, Mike
          and Chandra, Tushar and Fikes, Andrew and Gruber,
          Robert E},
  journal={ACM Transactions on Computer Systems (TOCS)},
  volume={26},
  number={2},
  pages={4},
  year={2008},
  publisher={ACM}
}

@inproceedings{holzschuher2013performance,
  title={Performance of graph query languages: comparison of cypher, gremlin and native access in neo4j},
  author={Holzschuher, Florian and Peinl, Ren{\'e}},
  booktitle={Proceedings of the Joint EDBT/ICDT 2013 Workshops},
  pages={195--204},
  year={2013},
  organization={ACM}
}

@misc{boag2002xquery,
  title={XQuery 1.0: An XML query language},
  author={Boag, Scott and Chamberlin, Don and Fern{\'a}ndez, Mary F and Florescu, Daniela and Robie, Jonathan and Sim{\'e}on, J{\'e}r{\^o}me and Stefanescu, Mugur},
  year={2002}
}

@misc{clark1999xml,
  title={XML path language (XPath) version 1.0},
  author={Clark, James and DeRose, Steve and others},
  year={1999}
}

@inproceedings{alashqur1989oql,
  title={OQL: a query language for manipulating object-oriented databases},
  author={Alashqur, AM and Su, Stanley YW and Lam, Herman},
  booktitle={Proceedings of the 15th international conference on Very large data bases},
  pages={433--442},
  year={1989},
  organization={Morgan Kaufmann Publishers Inc.}
}

@article{prud2008sparql,
  title={SPARQL query language for RDF},
  author={Prud‚ÄôHommeaux, Eric and Seaborne, Andy and others},
  journal={W3C recommendation},
  volume={15},
  year={2008}
}

@misc{cypher-docs,
  author = {Neo Technologies},
  title = {Manuel Neo4j},
  howpublished = "\url{http://neo4j.com/docs/stable/cypher-intro.html}",
  year   =  2014
}

@misc{cypher-docs-fr,
  author = {Neo Technologies},
  title = {Manuel Neo4j},
  howpublished = "\url{https://github.com/neo4j-contrib/manual-french/blob/master/po/cypher.po}",
  year   =  2014
}

@misc{gremlin-wiki,
  author = {TinkerPop},
  title = {Wiki Gremlin},
  howpublished = "\url{https://github.com/tinkerpop/gremlin/wiki}",
  year   =  2014
}

@misc{blueprints,
  author = {TinkerPop},
  title = {Wiki Blueprints},
  howpublished = "\url{https://github.com/tinkerpop/blueprints/wiki}",
  year   =  2014
}

@inproceedings{brewer2000towards,
  title={Towards robust distributed systems},
  author={Brewer, Eric A},
  booktitle={PODC},
  volume={7},
  year={2000}
}

@book{sadalage2012nosql,
  title={NoSQL distilled: a brief guide to the emerging world of polyglot persistence},
  author={Sadalage, Pramod J and Fowler, Martin},
  year={2012},
  publisher={Pearson Education}
}

@inproceedings{trissl2007fast,
  title={Fast and practical indexing and querying of very large graphs},
  author={Tri{\ss}l, Silke and Leser, Ulf},
  booktitle={Proceedings of the 2007 ACM SIGMOD international conference on Management of data},
  pages={845--856},
  year={2007},
  organization={ACM}
}

@article{tian2008periscope,
  title={Periscope/gq: a graph querying toolkit},
  author={Tian, Yuanyuan and Patel, Jignesh M and Nair, Viji and Martini, Sebastian and Kretzler, Matthias},
  journal={Proceedings of the VLDB Endowment},
  volume={1},
  number={2},
  pages={1404--1407},
  year={2008},
  publisher={VLDB Endowment}
}

L
@misc{hypergraphdb,
  title = {Site official du projet {H}ypergraph{DB}},
  howpublished = "\url{http://www.hypergraphdb.org/index}",
  year   =  2014
}

@misc{berkeleydb,
  title = {Site official du projet {O}racle {B}erkeley{db}},
  howpublished = "\url{http://www.oracle.com/technetwork/database/database-technologies/berkeleydb/overview/index.html}",
  year   =  2014
}

@misc{orientdb,
  title = {Site official du projet {O}rient{DB}},
  howpublished = "\url{http://www.orientechnologies.com/}",
  year   =  2014
}

@misc{titan,
  title = {Site official du projet {T}itan},
  howpublished = "\url{http://thinkaurelius.github.io/titan/}",
  year   =  2014
}

@misc{allegrograph,
  title = {Site official du projet {A}llegro{G}raph},
  howpublished = "\url{http://franz.com/agraph/allegrograph/}",
  year   =  2014
}

@misc{sparksee,
  title = {Site official du projet {S}parksee},
  howpublished = "\url{http://sparsity-technologies.com/}",
  year   =  2014
}

@misc{infinitegraph,
  title = {Site official du projet {I}nfinite{G}raph},
  howpublished = "\url{http://www.objectivity.com/infinitegraph}",
  year   =  2014
}

@misc{flockdb,
  title = {Site official du projet {F}lock{DB}},
  howpublished = "\url{https://github.com/twitter/flockdb}",
  year   =  2014
}

@misc{neo4j,
  title = {Site official du projet {N}eo4j},
  howpublished = "\url{http://neo4j.com/}",
  year   =  2014
}

@misc{vertexci,
  title = {Documentation du project  {T}itan},
  howpublished = "\url{https://github.com/thinkaurelius/titan/wiki/Vertex-Centric-Indices}",
  year   =  2014
}

@incollection{iordanov2010hypergraphdb,
  title={Hypergraphdb: a generalized graph database},
  author={Iordanov, Borislav},
  booktitle={Web-Age Information Management},
  pages={25--36},
  year={2010},
  publisher={Springer}
}

@phdthesis{fielding2000architectural,
  title={Architectural styles and the design of network-based software architectures},
  author={Fielding, Roy Thomas},
  year={2000},
  school={University of California, Irvine}
}

@article{vinoski1997corba,
  title={CORBA: integrating diverse applications within distributed heterogeneous environments},
  author={Vinoski, Steve},
  journal={Communications Magazine, IEEE},
  volume=35,
  number=2,
  pages={46--55},
  year=1997,
  publisher={IEEE}
}

%% END : chapter 3

%% Appendix A (Semantic Web)
@article{berners2001semantic,
  title={The semantic web},
  author={Berners-Lee, Tim and Hendler, James and Lassila, Ora and others},
  journal={Scientific american},
  volume={284},
  number={5},
  pages={28--37},
  year={2001},
  publisher={New York, NY, USA:}
}

@book{antoniou2012semantic,
  title={A semantic web primer},
  author={Antoniou, Grigoris and Van Harmelen, Frank},
  year={2012},
  publisher={MIT press}
}

@inproceedings{bizer2008linked,
  title={Linked data on the web (LDOW2008)},
  author={Bizer, Christian and Heath, Tom and Idehen, Kingsley and
                  Berners-Lee, Tim},
  booktitle={Proceedings of the 17th international conference on World
                  Wide Web},
  pages={1265--1266},
  year=2008,
  organization={ACM}
}

@misc{berners1989information,
  title={Information management: A proposal},
  author={Berners-Lee, Tim},
  howpublished = "\url{http://www.w3.org/History/1989/proposal.html}",
  year={1989}
}

@misc{berners2000xml,
  title={Semantic Web - XML2000},
  author={Berners-Lee, Tim},
  howpublished =
                  "\url{http://www.w3.org/2000/Talks/1206-xml2k-tbl/slide10-0.html}",
  year=2000
}

@article{fallside2004xml,
  title={XML schema part 0: primer second edition},
  author={Fallside, David C and Walmsley, Priscilla},
  journal={W3C recommendation},
  volume={16},
  year={2004}
}

@article{lassila1999resource,
      title={Resource description framework (RDF) model and syntax
          specification},
      author={Lassila, Ora and Swick, Ralph R},
      year={1999}
}

@article{brickley2000resource,
  title={Resource Description Framework (RDF) Schema Specification
                  1.0: W3C Candidate Recommendation 27 March 2000},
  author={Brickley, Dan and Guha, Ramanathan V},
  year={2000}
}

@article{decker2000semantic,
      title={The semantic web: The roles of XML and RDF},
      author={Decker, Stefan and Melnik, Sergey and Van Harmelen,
          Frank and Fensel, Dieter and Klein, Michel and
        Broekstra, Jeen and Erdmann, Michael and Horrocks,
          Ian},
      journal={Internet Computing, IEEE},
      volume=4,
      number=5,
      pages={63--73},
      year=2000,
      publisher={IEEE}
}

@article{fensel2001oil,
  title={OIL: An ontology infrastructure for the semantic web},
  author={Fensel, Dieter and Van Harmelen, Frank and Horrocks, Ian and
                  McGuinness, Deborah L and Patel-Schneider, Peter F},
  journal={IEEE intelligent systems},
  number=2,
  pages={38--45},
  year=2001,
  publisher={IEEE}
}

@article{mcguinness2004owl,
  title={OWL web ontology language overview},
  author={McGuinness, Deborah L and Van Harmelen, Frank and others},
  journal={W3C recommendation},
  volume={10},
  number={2004-03},
  pages={10},
  year={2004}
}

@article{beckett2004rdf,
  title={RDF/XML syntax specification (revised)},
  author={Beckett, Dave and McBride, Brian},
  journal={W3C recommendation},
  volume={10},
  year={2004}
}

@book{allemang2011semantic,
  title={Semantic web for the working ontologist: effective modeling
                  in RDFS and OWL},
  author={Allemang, Dean and Hendler, James},
  year={2011},
  publisher={Elsevier}
}

@phdthesis{passant2009technologies,
  title={Technologies du Web S{\'e}mantique pour l‚ÄôEntreprise 2.0},
  author={Passant, Alexandre},
  year={2009},
  school={PhD thesis, Universit{\'e} Paris IV-Sorbonne}
}

@misc{hayes2004rdf,
  title={RDF semantics},
  author={Hayes, Patrick and McBride, Brian},
  year=2004,
  howpublished =
                  "\url{http://www.w3.org/TR/2004/REC-rdf-mt-20040210/}",
}

@article{motik2009owl,
  title={Owl 2 web ontology language: Profiles},
  author={Motik, Boris and Grau, Bernardo Cuenca and Horrocks, Ian and
                  Wu, Zhe and Fokoue, Achille and Lutz, Carsten},
  journal={W3C recommendation},
  volume={27},
  pages={61},
  year={2009}
}
%% END (Appendix A)